<record><leader>00000cas a22000007a 4500</leader><controlfield tag="001">13322858</controlfield><controlfield tag="008">860321d19241925nvuwr ne      0    0eng d</controlfield><datafield ind1=" " ind2=" " tag="010"><subfield code="a">sn 86091236 </subfield></datafield><datafield ind1=" " ind2=" " tag="040"><subfield code="a">UNP</subfield><subfield code="b">eng</subfield><subfield code="c">UNP</subfield><subfield code="d">NNX</subfield><subfield code="d">OCLCQ</subfield></datafield><datafield ind1=" " ind2=" " tag="042"><subfield code="a">msc</subfield></datafield><datafield ind1=" " ind2="4" tag="050"><subfield code="a">AN2.N3</subfield><subfield code="b">B47</subfield></datafield><datafield ind1="0" ind2="0" tag="245"><subfield code="a">Betty O'Neal concentrator.</subfield></datafield><datafield ind1=" " ind2=" " tag="260"><subfield code="a">Betty O'Neal, Nev. :</subfield><subfield code="b">Concentrator Pub. Co.</subfield></datafield><datafield ind1=" " ind2=" " tag="300"><subfield code="a">v. :</subfield><subfield code="b">ill. (chiefly ads.)</subfield></datafield><datafield ind1=" " ind2=" " tag="310"><subfield code="a">Weekly</subfield></datafield><datafield ind1="1" ind2=" " tag="362"><subfield code="a">Began with Feb. 9, 1924 issue; ceased in 1925.</subfield><subfield code="z">Cf. Lingenfelter, R.E. Newspapers of Nev.</subfield></datafield><datafield ind1=" " ind2=" " tag="588"><subfield code="a">Description based on: Vol. 1, no. 20 (June 21, 1924).</subfield></datafield><datafield ind1=" " ind2=" " tag="752"><subfield code="a">United States</subfield><subfield code="b">Nevada</subfield><subfield code="c">Lander</subfield><subfield code="d">Betty O'Neal.</subfield></datafield></record>